<?xml version="1.0" encoding="UTF-8"?><collection xmlns="http://www.loc.gov/MARC21/slim"><record><leader>00459nam--2200181-i-4500</leader><controlfield tag="001">000028837</controlfield><controlfield tag="002">20161230</controlfield><controlfield tag="005">20161230201037</controlfield><controlfield tag="008">060222s1000------------r-----000-0-eng-d</controlfield><datafield ind1=" " ind2=" " tag="040"><subfield code="a">IFIN-HH</subfield></datafield><datafield ind1=" " ind2=" " tag="080"><subfield code="a">535</subfield></datafield><datafield ind1="1" ind2=" " tag="100"><subfield code="a">Kumanin, K.G</subfield></datafield><datafield ind1="1" ind2="0" tag="245"><subfield code="a">Generation of optical surfaces</subfield><subfield code="c">K.G. KUMANIN (Ed.)</subfield></datafield><datafield ind1=" " ind2=" " tag="260"><subfield code="a">NEW YORK</subfield><subfield code="b">The Focal Library</subfield><subfield code="c">1962</subfield></datafield><datafield ind1=" " ind2=" " tag="300"><subfield code="a">476P</subfield></datafield><datafield ind1=" " ind2=" " tag="490"><subfield code="a">The Focal Library</subfield></datafield><datafield ind1=" " ind2=" " tag="852"><subfield code="a">35392</subfield><subfield code="c">535</subfield></datafield><datafield ind1=" " ind2=" " tag="CAT"><subfield code="a">Sys</subfield><subfield code="c">20101028</subfield><subfield code="h">153222</subfield></datafield></record></collection>